<?xml version="1.0" encoding="UTF-8"?><collection xmlns="http://www.loc.gov/MARC21/slim"><record><leader>00663nam--2200205-i-4500</leader><controlfield tag="001">000013572</controlfield><controlfield tag="002">20161230</controlfield><controlfield tag="005">20161230201030</controlfield><controlfield tag="008">060222s1000------------r-----000-0-rus-d</controlfield><datafield ind1=" " ind2=" " tag="040"><subfield code="a">IFIN-HH</subfield></datafield><datafield ind1=" " ind2=" " tag="041"><subfield code="a">rus</subfield></datafield><datafield ind1=" " ind2=" " tag="080"><subfield code="a">539.1.073=03.20= 82</subfield></datafield><datafield ind1="1" ind2=" " tag="100"><subfield code="a">Fleiser, R.L</subfield></datafield><datafield ind1="1" ind2="0" tag="245"><subfield code="a">Treki zariajennih ceastit v tverdih telah</subfield><subfield code="b">Printipi i prilajenia</subfield><subfield code="c">R.l. fleiser, p.b. prais, r.m. uoker</subfield></datafield><datafield ind1=" " ind2=" " tag="260"><subfield code="a">Moskva</subfield><subfield code="b">Atomizdat</subfield><subfield code="c">1981</subfield></datafield><datafield ind1=" " ind2=" " tag="300"><subfield code="a">3 VOLUME</subfield></datafield><datafield ind1="1" ind2=" " tag="700"><subfield code="a">Ceasti Perva</subfield><subfield code="h">152p</subfield><subfield code="t">Metodi Issledovania Trekov</subfield></datafield><datafield ind1="1" ind2=" " tag="787"><subfield code="a">Ceasti Tretia</subfield><subfield code="h">152p</subfield><subfield code="t">Iadernaia Fizka I Prikladnie Issledovania</subfield></datafield><datafield ind1=" " ind2=" " tag="852"><subfield code="a">49521</subfield><subfield code="c">539.1.07:539.1.08</subfield></datafield><datafield ind1=" " ind2=" " tag="CAT"><subfield code="a">Sys</subfield><subfield code="c">20111028</subfield><subfield code="h">103000</subfield></datafield></record></collection>